@article{carlos-causality,
  author    = {Carlos Baquero and
               Nuno M. Pregui{\c{c}}a},
  title     = {Why logical clocks are easy},
  journal   = {Commun. {ACM}},
  volume    = {59},
  number    = {4},
  pages     = {43--47},
  year      = {2016},
}

@article{version-vectors,
  author = {Parker, D. S. and Popek, G. J. and Rudisin, G. and Stoughton, A. and Walker, B. J. and Walton, E. and Chow, J. M. and Edwards, D. and Kiser, S. and Kline, C.},
  title = {Detection of Mutual Inconsistency in Distributed Systems},
  year = {1983},
  issue_date = {May 1983},
  publisher = {IEEE Press},
  volume = {9},
  number = {3},
  journal = {IEEE Trans. Softw. Eng.},
  month = may,
  pages = {240â€“247},
  numpages = {8},
  keywords = {replicated data, network partitioning, distributed systems, mutual consistency, network failures, Availability}
}
